@Book{xie2015,
  title = {Dynamic Documents with {R} and knitr},
  author = {Yihui Xie},
  publisher = {Chapman and Hall/CRC},
  address = {Boca Raton, Florida},
  year = {2015},
  edition = {2nd},
  note = {ISBN 978-1498716963},
  url = {http://yihui.name/knitr/},
}

@Article{Cortes1995,
author="Cortes, Corinna
and Vapnik, Vladimir",
title="Support-Vector Networks",
journal="Machine Learning",
year="1995",
month="Sep",
day="01",
volume="20",
number="3",
pages="273--297",
issn="1573-0565",
doi="10.1023/A:1022627411411",
url="https://doi.org/10.1023/A:1022627411411"
}