@Article{Cortes1995,
author="Cortes, Corinna
and Vapnik, Vladimir",
title="Support-Vector Networks",
journal="Machine Learning",
year="1995",
month="Sep",
day="01",
volume="20",
number="3",
pages="273--297",
issn="1573-0565",
doi="10.1023/A:1022627411411",
url="https://doi.org/10.1023/A:1022627411411"
}

